@article{pedregosa2011,
  title={Scikit-learn: Machine Learning in {P}ython},
  author={Pedregosa, F. and others},
  journal={JMLR},
  volume={12},
  pages={2825--2830},
  year={2011},
}

@article{vanderwalt2011,
  title={The {NumPy} array: a structure for efficient numerical computation},
  author={{\VAN{Walt}{Van der}{van der}} Walt, St\'efan
          and others},
  journal={Comp. in Sci. \& Eng.},
  volume={13},
  number={2},
  pages={22--30},
  year={2011},
  publisher={IEEE}
}

@article{oliphant2007python,
  title={Python for scientific computing},
  author={Oliphant, Travis E},
  journal={CiSE},
  volume={9},
  number={3},
  pages={10--20},
  year={2007},
  publisher={IEEE}
}
@article{buitinck2013api,
  title={{API} design for machine learning software: experiences from the scikit-learn project},
  author={Buitinck, Lars and others},
  year={2013}
}

@article{hunter2007matplotlib,
  title={Matplotlib: A 2D graphics environment},
  author={Hunter, John D.},
  journal={CiSE},
  pages={90--95},
  year={2007},
}

@article{perez2007ipython,
  title={{IPython}: a system for interactive scientific computing},
  author={Perez, Fernando and Granger, Brian E.},
  journal={CiSE},
  volume={9},
  number={3},
  pages={21--29},
  year={2007},
}
